<record><leader>00000cas a22000007a 4500</leader><controlfield tag="001">15925130</controlfield><controlfield tag="008">870612u1967uuuutxuwr ne      0    0eng d</controlfield><controlfield tag="009">6576</controlfield><datafield ind1=" " ind2=" " tag="010"><subfield code="a">sn 87090362 </subfield></datafield><datafield ind1=" " ind2=" " tag="040"><subfield code="a">PPM</subfield><subfield code="b">eng</subfield><subfield code="c">PPM</subfield></datafield><datafield ind1="1" ind2=" " tag="029"><subfield code="a">AU@</subfield><subfield code="b">000025824988</subfield></datafield><datafield ind1=" " ind2=" " tag="042"><subfield code="a">msc</subfield></datafield><datafield ind1="0" ind2="0" tag="245"><subfield code="a">Giddings times and news.</subfield></datafield><datafield ind1="0" ind2="3" tag="246"><subfield code="a">Giddings, Texas times &amp; news</subfield></datafield><datafield ind1=" " ind2=" " tag="260"><subfield code="a">Giddings, Tex. :</subfield><subfield code="b">Preuss Printing Co., Inc.,</subfield><subfield code="c">1967-</subfield></datafield><datafield ind1="0" ind2=" " tag="362"><subfield code="a">Vol. 78, no. 2 (Aug. 3, 1967)-</subfield></datafield><datafield ind1=" " ind2=" " tag="752"><subfield code="a">United States</subfield><subfield code="b">Texas</subfield><subfield code="c">Lee</subfield><subfield code="d">Giddings.</subfield></datafield><datafield ind1="0" ind2="4" tag="780"><subfield code="t">Lee County news</subfield><subfield code="w">(DLC)sn 88083560</subfield></datafield><datafield ind1="0" ind2="4" tag="780"><subfield code="t">Giddings times</subfield><subfield code="w">(DLC)sn 88083450</subfield></datafield></record>